%% This BibTeX bibliography file was created using BibDesk.
%% http://bibdesk.sourceforge.net/

%% Created for Nizan Averbuch at 2017-07-23 01:37:13 +0200 


%% Saved with string encoding Unicode (UTF-8) 



@url{Zeit,
	Date-Added = {2017-07-22 23:07:07 +0000},
	Date-Modified = {2017-07-22 23:37:13 +0000},
	Title = {Wie entsteht unser Gef{\"u}hl f{\"u}r die Zeit?}}

@url{Tempo,
	Author = {Pascal Wallisch},
	Date-Added = {2017-07-22 22:48:41 +0000},
	Date-Modified = {2017-07-22 22:49:31 +0000},
	Lastchecked = {23.07.2017},
	Title = {Zeiterleben in der Tempogesellschaft},
	Urldate = {http://www.lascap.de/Downloads/Zeiterleben_in_der_Tempogesellschaft.pdf}}

@url{Spass,
	Author = {R{\"u}diger Schacht},
	Date-Added = {2017-07-22 22:30:35 +0000},
	Date-Modified = {2017-07-22 22:31:13 +0000},
	Lastchecked = {23.07.2017},
	Title = {Warum Jahre rasen und Sekunden schleichen},
	Urldate = {07.01.2008}}

@url{AgeEffects,
	Author = {Marc Wittman and Sandra Lehnhoff},
	Date-Added = {2017-07-22 13:09:18 +0000},
	Date-Modified = {2017-07-22 13:11:22 +0000},
	Lastchecked = {22.07.2017},
	Title = {Age effects in perception of time},
	Urldate = {2005}}

@online{biddle,
	Author = {Peter Biddle, Paul England and Marcus Peinado and Bryan Willman},
	Date = {2002-11-18},
	Date-Modified = {2017-03-13 13:15:43 +0000},
	Title = {The Darknet and the Future of Content Distribution},
	Urldate = {2016-12-02},
	Bdsk-Url-1 = {http://www.bearcave.com/misl/misl_tech/msdrm/darknet.htm}}
