%% This BibTeX bibliography file was created using BibDesk.
%% http://bibdesk.sourceforge.net/

%% Created for Daniel Schmidt at 2017-07-22 11:44:09 +0200 


%% Saved with string encoding Unicode (UTF-8) 



@booklet{MWT-B,
	Author = {Siegfired Lehrl},
	Date-Added = {2017-07-18 14:38:40 +0000},
	Date-Modified = {2017-07-18 14:43:20 +0000},
	Title = {Mehrfach-Wortschatz-Test},
	Year = {2005}}

@online{biddle,
	Author = {Peter Biddle, Paul England and Marcus Peinado and Bryan Willman},
	Date = {2002-11-18},
	Date-Modified = {2017-03-13 13:15:43 +0000},
	Title = {The Darknet and the Future of Content Distribution},
	Urldate = {2016-12-02},
	Bdsk-Url-1 = {http://www.bearcave.com/misl/misl_tech/msdrm/darknet.htm}}

@article{Irle2017,
	Author = {Katja Irle},
	Issue = {1},
	Journal = {Forschung Frankfurt},
	Pages = {23--26},
	Title = {{Kinder, wie die Zeit vergeht. {\"U}ber Paradoxien in der Wahrnehmung.}},
	Year = {2017}}

@unpublished{Wallisch2003,
	Author = {Pascal Wallisch},
	Note = {\url{http://lascap.de/Downloads/Zeiterleben_in_der_Tempogesellschaft.pdf}},
	Title = {{Zeiterleben in der Tempogesellschaft}},
	Year = {2003}}

@online{DeutscheSozialgeschichte,
	Author = {unknown},
	Date = {unknown},
	Title = {{Deutsche Sozialgeschichte Arbeitswelt 1750-1950}},
	Note = {\url{http://www.schultreff.de/referate/geschichte/r0045t00.htm}}}

@online{Spektrum,
	Author = {Marc Wittmann},
	Date = {2014-09-22},
	Title = {{Wie entsteht unser Gef{\"u}hl f{\"u}r die Zeit}},
	Urldate = {2017-05-14},
	Note = {\url{http://www.spektrum.de/news/wie-unser-gefuehl-fuer-die-zeit-entsteht/1309744}}}

@online{DeviceSystems2016,
	Author = {Device&Systems},
	Note = {\url{http://ieeexplore-spotlight.ieee.org/article/vr-time-perception/}},
	Date = {2016-04-08},
	Title = {{Humanizing VR Part 1: Could Virtual Reality Help Manipulate Time Perception?}},
	Urldate = {2017-05-12}}

@online{Welt24,
	Author = {R{\"u}diger Schacht},
	Date = {2008-01-07},
	Note = {\url{https://www.welt.de/wissenschaft/article1525697/Warum-Jahre-rasen-und-Sekunden-schleichen.html}},
	Title = {{Warum Jahre rasen und Sekunden schleichen}},
	Urldate = {2017-05-14}}
